@book{nachtsheim2004applied,
  title={Applied {L}inear {R}egression {M}odels},
  author={Nachtsheim, Christopher J and Neter, John and Kutner, Michael H and Wasserman, William},
  journal={McGraw-Hill Irwin},
  year={2004}
}

@book{friedman2001elements,
  title={The {E}lements of {S}tatistical {L}earning},
  author={Friedman, Jerome and Hastie, Trevor and Tibshirani, Robert},
  volume={1},
  year={2001},
  publisher={Springer series in statistics Springer, Berlin}
}

@ARTICLE{Glaab2012,
  title = {Using Rule-Based Machine Learning for Candidate Disease Gene Prioritization and Sample Classification of Cancer Gene Expression Data},
  author = {Glaab, Enrico and Bacardit, Jaume and Garibaldi, Jonathan M. and Krasnogor, Natalio},
  year = 2012,
  doi = {10.1371/journal.pone.0039932},
  month = jul,
  journal = {PLoS ONE},
  volume = {7},
  number = {7},
  pages = {e39932}
}

@article{zou2005regularization,
  title={Regularization and {V}ariable {S}election {V}ia the {E}lastic {N}et},
  author={Zou, Hui and Hastie, Trevor},
  journal={Journal of the Royal Statistical Society: Series B (Statistical Methodology)},
  volume={67},
  number={2},
  pages={301--320},
  year={2005},
  publisher={Wiley Online Library}
}

@article{tibshirani1996regression,
  title={Regression {S}hrinkage and {S}election {V}ia the {L}asso},
  author={Tibshirani, Robert},
  journal={Journal of the Royal Statistical Society. Series B (Methodological)},
  pages={267--288},
  year={1996},
  publisher={JSTOR}
}

@article{Tikhonov1963Solution,
  author = {A.N. Tikhonov},
  title = {Solution of incorrectly problems and the regularization method},
  journal = {{S}oviet {M}athematics {D}oklady},
  year = {1963},
  volume = {4},
  pages = {1035-1038}
}

@article{scikit-learn,
 title={Scikit-learn: Machine Learning in {P}ython},
 author={Pedregosa, F. and Varoquaux, G. and Gramfort, A. and Michel, V.
         and Thirion, B. and Grisel, O. and Blondel, M. and Prettenhofer, P.
         and Weiss, R. and Dubourg, V. and Vanderplas, J. and Passos, A. and
         Cournapeau, D. and Brucher, M. and Perrot, M. and Duchesnay, E.},
 journal={Journal of Machine Learning Research},
 volume={12},
 pages={2825--2830},
 year={2011}
}

@article{naderi2007gene,
  title={A gene-expression signature to predict survival in breast cancer across independent data sets},
  author={Naderi, A and Teschendorff, AE and Barbosa-Morais, NL and Pinder, SE and Green, AR and Powe, DG and Robertson, JFR and Aparicio, S and Ellis, IO and Brenton, JD and others},
  journal={Oncogene},
  volume={26},
  number={10},
  pages={1507--1516},
  year={2007},
  publisher={Nature Publishing Group}
}

@Book{domingos2015master,
author = {Pedro Domingos},
title = {{T}he {M}aster {A}lgorithm: {H}ow the {Q}uest for the {U}ltimate {L}earning {M}achine {W}ill {R}emake {O}ur {W}orld},
publisher = {Basic Books},
year = {2015},
}